@conference{margoinPatch13,
	title={What Makes a Patch Distinct?},
	author={Margolin, R. and Tal, A. and Zelnik-Manor, L.},
	year = {2013},
	booktitle = { CVPR}
}
